@Misc{atom,
	author = {M. Nottingham, Ed. and R. Sayre, Ed.},
	title = {The Atom Syndication Format},
	howpublished = {[online]},
	year = {prosinec 2005},
	note = {[vid. 2018-11-17]},
	url = {https://tools.ietf.org/html/rfc4287},
}

@Misc{rss1,
	author = {Aaron Swartz},
	title = {RDF Site Summary (RSS) 1.0},
	howpublished = {[online]},
	year = {prosinec 2000},
	note = {[vid. 2018-11-17]},
	url = {http://web.resource.org/rss/1.0},
}

@Misc{rss2,
	author = {RSS Advisory Board},
	title = {RSS 2.0 Specification},
	howpublished = {[online]},
	year = {březen 2009},
	note = {[vid. 2018-11-17]},
	url = {http://www.rssboard.org/rss-specification},
}

@Misc{openSSL,
	title = {OpenSSL},
	howpublished = {[online]},
	note = {[vid. 2018-11-17]},
	url = {https://www.openssl.org},
}

@Misc{openSSL_tutorial,
	author = {Kenneth Ballard},
	title = {Secure programming with the OpenSSL API},
	howpublished = {[online]},
	year = {srpen 2018},
	note = {[vid. 2018-11-17]},
	url = {https://developer.ibm.com/tutorials/l-openssl},
}

@Misc{getopt,
	title = {Parsing program options using getopt},
	howpublished = {[online]},
	year = {listopad 2018},
	note = {[vid. 2018-11-17]},
	url = {https://www.gnu.org/software/libc/manual/html_node/Getopt.html},
}

@Misc{regex,
	title = {Regular expressions library},
	howpublished = {[online]},
	year = {březen 2018},
	note = {[vid. 2018-11-17]},
	url = {https://en.cppreference.com/w/cpp/regex},
}

@Misc{url,
	author = {T. Berners-Lee and W3C/MIT and R. Fielding and Day Software and
		L. Masinter and Adobe Systems},
	title = {Uniform Resource Identifier (URI): Generic Syntax},
	howpublished = {[online]},
	year = {leden 2005},
	note = {[vid. 2018-11-17]},
	url = {https://tools.ietf.org/html/rfc3986},
}

@Misc{libxml,
	author = {Daniel Veillard},
	title = {The XML C parser and toolkit of Gnome},
	howpublished = {[online]},
	note = {[vid. 2018-11-17]},
	url = {http://www.xmlsoft.org},
}

@Misc{libxml_tutorial,
	author = {John Fleck},
	title = {Libxml Tutorial},
	howpublished = {[online]},
	year = {rev. 7. srpen 2004},
	note = {[vid. 2018-11-17]},
	url = {http://xmlsoft.org/tutorial/xmltutorial.pdf},
}
